<?xml version="1.0" encoding="UTF-8"?><collection xmlns="http://www.loc.gov/MARC21/slim"><record><leader>00377nam--2200133-i-4500</leader><controlfield tag="001">000049629</controlfield><controlfield tag="002">20161230</controlfield><controlfield tag="005">20161230201047</controlfield><controlfield tag="008">060222s1000------------r-----000-0-eng-d</controlfield><datafield ind1=" " ind2=" " tag="080"><subfield code="a">621.375.4</subfield></datafield><datafield ind1=" " ind2=" " tag="245"><subfield code="a">Aperiodicheskie usiliteli na poluprovodnikovyh priborah. proektirovanie i raschet</subfield></datafield><datafield ind1=" " ind2=" " tag="260"><subfield code="a">Moskva, Sovekskoe Radio, 1968. 300 S</subfield></datafield><datafield ind1=" " ind2=" " tag="700"><subfield code="a">Valitova,R.A</subfield></datafield><datafield ind1=" " ind2=" " tag="852"><subfield code="a">76139</subfield></datafield></record></collection>